% WICHTIG 
% ---------------------------------------------------------

% Wörter (insbesondere der TITEL) sollten im Literaturverzeichnis NICHT getrennt werden!
% Um eine Wort-Trennung im Literatur-Verzeichnis zu verhindern, müssen diese Wörter, die
% LATEX automatisch trennt, mit einem \mbox{} umschlossen werden. Siehe zB Zitat zu "Gamma95".

% Titel MÜSSEN so geschrieben werden, wie sie auch tatsächlich abgedruckt wurden. Dabei
% ist besonders auf die Groß/Kleinschreibung zu achten!
% Da LATEX gerne mal die Groß/Kleinschreibung (insbesondere bei Eigenworten und Akronymen)
% missachtet, kann der Titel in 2 {{ }} geschrieben werden! Das zwingt LATEX dann zur 
% wortwörtlichen Übernahme des Titels wie er angegeben wurde!

@misc{mario,
  title = {{Super-Mario-Bros.}},
  author = {1985 Nintendo Co., Ltd.},
  howpublished = {\url{https://www.nintendo.de/Spiele/NES/Super-Mario-Bros--803853.html}},
  note = {Accessed: 2018-09-14}
}